@misc{radim_thesis,
  author  = {Bc. Radim GÃ¶th},
  title   = {Testing techniques for mobile device applications},
  url     = {http://is.muni.cz/th/359254/fi_m/thesis.pdf},
  year    = {2015}
}

@manual{crittercism,
  title   = {Mobile Experience Benchmark},
  url     = {http://pages.crittercism.com/rs/crittercism/images/crittercism-mobile-benchmarks.pdf},
  year    = {2015}
}

@phdthesis{weinman_thesis,
  author  = {Jerod J. Weinman},
  title   = {Unified detection and recognition for
reading text in scene images},
  url     = {http://http://vis-www.cs.umass.edu/papers/jerod_weinman_thesis.pdf},
  year    = {2008}
}

@unpublished{canny,
  title   = {Canny Edge Detection},
  url     = {http://www.cse.iitd.ernet.in/~pkalra/csl783/canny.pdf},
  year    = {2009}
}

@manual{code_canny,
  title   = {Canny Edge Detection},
  url     = {http://docs.opencv.org/2.4/doc/tutorials/imgproc/imgtrans/canny_detector/canny_detector.html},
  month   = {May},
  year    = {2016}
}

@article{jfc_canny,
  author = {John Canny},
  title = {A computational approach to edge detection},
  journal = {IEEE Transactions on Pattern Analysis and Machine Intelligence},
  year = {1986}
}

@manual{gauss_filter,
  title   = {Gaussian filtering},
  url     = {http://robotics.eecs.berkeley.edu/~mayi/imgproc/gademo.html},
  month   = {May},
  year    = {2016}
}

@manual{sobel_alg,
  title   = {Sobel edge detection algorithm},
  url     = {http://www.dai.ed.ac.uk/HIPR2/sobel.htm},
  month   = {May},
  year    = {2016}
}

@article{text_detect,
  title     = {Automatic text detection using morphological operations and inpainting},
  author    = {Khyati Vaghela and Narendra Patel},
  year = {2013},
  month = {May},
  journal = {International Journal of Innovative Research in Science, Engineering and Technology},
  volume = {2},
  issn = {2319-8753},
}

@article{morph,
  title = "Morphological text extraction from images",
  author = "Hasan, {Yassin M Y} and Karam, {Lina J.}",
  year = "2000",
  month = "Nov",
  doi = "10.1109/83.877220",
  volume = "9",
  pages = "1978--1983",
  journal = "IEEE Transactions on Image Processing",
  issn = "1057-7149",
  number = "11"
}

@article{otsu, 
  author={N. Otsu},
  journal={IEEE Transactions on Systems, Man, and Cybernetics}, 
  title={A Threshold Selection Method from Gray-Level Histograms}, 
  year={1979}, 
  volume={9}, 
  number={1}, 
  pages={62-66}, 
  keywords={Displays;Gaussian distribution;Histograms;Least squares approximation;Marine vehicles;Q measurement;Radar tracking;Sea measurements;Surveillance;Target tracking}, 
  doi={10.1109/TSMC.1979.4310076}, 
  ISSN={0018-9472}, 
  month={Jan}
}

@misc{ocr_def,
  author  = {Dictionary.com},
  url     = {http://www.dictionary.com/browse/optical-character-recognition},
  month   = {May},
  year    = {2016}
}

@article{ocr_overview,
  author = {R. Smith},
  title = {An Overview of the Tesseract OCR Engine},
  journal ={2013 12th International Conference on Document Analysis and Recognition},
  volume = {2},
  issn = {1520-5363},
  year = {2007},
  pages = {629-633},
  doi = {http://doi.ieeecomputersociety.org/10.1109/ICDAR.2007.56},
  publisher = {IEEE Computer Society},
  address = {Los Alamitos, CA, USA}
}

@misc{Rice_thefourth,
  author = {Stephen V. Rice and Frank R. Jenkins and Thomas A. Nartker},
  title = {The Fourth Annual Test of OCR Accuracy},
  year = {}
}

@misc{tesseract_oscon,
  author = {Ray Smith},
  title = {Tesseract OCR Engine},
  url = {https://tesseract-ocr.googlecode.com/files/TesseractOSCON.pdf},
  journal = {OSCON},
  year = {2007}
}

@misc{droid_screen,
  title = {DroidScreen},
  url = {http://droid-at-screen.org},
  month   = {May},
  year = {2016}
}
